inproceedings{olson1993inversion,
    author = {Michael A. Olson and Michael Stonebraker},
    title = {The Design and Implementation of the Inversion File System},
    booktitle = {Proceedings of the 1993 Winter USENIX Conference},
    year = {1993},
    url = {https://www.usenix.org/conference/usenix-winter-1993-conference/presentation/design-and-implementation-inversion-file-system}
}

@inproceedings {bronson2013tao,
	author = {Nathan Bronson and Zach Amsden and George Cabrera and Prasad Chakka and Peter Dimov and Hui Ding and Jack Ferris and Anthony Giardullo and Sachin Kulkarni and Harry Li and Mark Marchukov and Dmitri Petrov and Lovro Puzar and Yee Jiun Song and Venkat Venkataramani},
	title = {{TAO}: Facebook{\textquoteright}s Distributed Data Store for the Social Graph},
	booktitle = {Presented as part of the 2013 {USENIX} Annual Technical Conference ({USENIX} {ATC} 13)},
	year = {2013},
	isbn = {978-1-931971-01-0},
	address = {San Jose, CA},
	pages = {49--60},
	url = {https://www.usenix.org/conference/atc13/technical-sessions/presentation/bronson},
	publisher = {{USENIX}},
}

@inproceedings {spillane2013vttree,
	author = {Pradeep J. Shetty and Richard P. Spillane and Ravikant R. Malpani and Binesh Andrews and Justin Seyster and Erez Zadok},
	title = {Building Workload-Independent Storage with VT-Trees},
	booktitle = {Presented as part of the 11th {USENIX} Conference on File and Storage Technologies ({FAST} 13)},
	year = {2013},
	isbn = {978-1-931971-99-7},
	address = {San Jose, CA},
	pages = {17--30},
	url = {https://www.usenix.org/conference/fast13/technical-sessions/presentation/shetty},
	publisher = {{USENIX}},
}
